@INPROCEEDINGS{Moore99,
  AUTHOR =       "R. Moore and J. Lopes",
  TITLE =        "Paper templates",
  BOOKTITLE =    "TEMPLATE'06, 1st International Conference on Template Production",
  YEAR =         "1999",
  publisher =    "SCITEPRESS",
  file = F
}

@BOOK{Smith98,
  AUTHOR =       "J. Smith",
  TITLE =        "The Book",
  PUBLISHER =    "The publishing company",
  YEAR =         "1998",
  address =      "London",
  edition =      "2nd",
  file = F
}
@inproceedings{ravi2013morphological,
  title={Morphological operations for image processing: understanding and its applications},
  author={Ravi, S and Khan, AM},
  booktitle={Proc. 2nd National Conference on VLSI, Signal processing \& Communications NCVSComs-2013},
  year={2013}
}
@article{kiryati1991probabilistic,
  title={A probabilistic Hough transform},
  author={Kiryati, Nahum and Eldar, Yuval and Bruckstein, Alfred M},
  journal={Pattern recognition},
  volume={24},
  number={4},
  pages={303--316},
  year={1991},
  publisher={Elsevier}
}
,
  title={An overview of character recognition focused on off-line handwriting},
  author={Arica, Nafiz and Yarman-Vural, Fatos T},
  journal={IEEE Transactions on Systems, Man, and Cybernetics, Part C (Applications and Reviews)},
  volume={31},
  number={2},
  pages={216--233},
  year={2001},
  publisher={IEEE}
}
@article{ribas2013handwritten,
  title={Handwritten digit segmentation: a comparative study},
  author={Ribas, Felipe C and Oliveira, LS and Britto, AS and Sabourin, Robert},
  journal={International Journal on Document Analysis and Recognition (IJDAR)},
  volume={16},
  number={2},
  pages={127--137},
  year={2013},
  publisher={Springer}
}
@article{fujisawa1992segmentation,
  title={Segmentation methods for character recognition: from segmentation to document structure analysis},
  author={Fujisawa, Hiromichi and Nakano, Yasuaki and Kurino, Kiyomichi},
  journal={Proceedings of the IEEE},
  volume={80},
  number={7},
  pages={1079--1092},
  year={1992},
  publisher={IEEE}
}
@article{shi1997segmentation,
  title={Segmentation and recognition of connected handwritten numeral strings},
  author={Shi, Zhixin and Govindaraju, Venu},
  journal={Pattern Recognition},
  volume={30},
  number={9},
  pages={1501--1504},
  year={1997},
  publisher={Elsevier}
}
@article{chen2000segmentation,
  title={Segmentation of single-or multiple-touching handwritten numeral string using background and foreground analysis},
  author={Chen, Yi-Kai and Wang, Jhing-Fa},
  journal={IEEE Transactions on pattern analysis and machine intelligence},
  volume={22},
  number={11},
  pages={1304--1317},
  year={2000},
  publisher={IEEE}
}
@article{yuen1990comparative,
  title={Comparative study of Hough transform methods for circle finding},
  author={Yuen, HK and Princen, John and Illingworth, John and Kittler, Josef},
  journal={Image and vision computing},
  volume={8},
  number={1},
  pages={71--77},
  year={1990},
  publisher={Elsevier}
}
@article{arica2001overview,
  title={An overview of character recognition focused on off-line handwriting},
  author={Arica, Nafiz and Yarman-Vural, Fatos T},
  journal={IEEE Transactions on Systems, Man, and Cybernetics, Part C (Applications and Reviews)},
  volume={31},
  number={2},
  pages={216--233},
  year={2001},
  publisher={IEEE}
}
@techreport{duda1971use,
  title={Use of the Hough transformation to detect lines and curves in pictures},
  author={Duda, Richard O and Hart, Peter E},
  year={1971},
  institution={Sri International Menlo Park Ca Artificial Intelligence Center}
}